%% Created using Papers on Tue, 27 Aug 2013.
%% http://papersapp.com/papers/

@unpublished{Pelupessy:2011wl,
author = {Pelupessy, Federico Inti},
title = {{Symplectic N-body integrators with individual timesteps}},
month = may,
year = {2011},
read = {Yes},
rating = {0},
date-added = {2011-05-31T16:04:51GMT},
date-modified = {2013-08-27T09:19:20GMT},
local-url = {file://localhost/Users/jj374/Light%20Reading/Papers2-2011/2011/Pelupessy/2011%20Pelupessy.pdf},
file = {{2011 Pelupessy.pdf:/Users/jj374/Light Reading/Papers2-2011/2011/Pelupessy/2011 Pelupessy.pdf:application/pdf}},
uri = {\url{papers2://publication/uuid/81834E4D-1C34-4976-95D8-576F7451FD30}}
}

@book{Hut:wp,
author = {Hut, Piet and Makino, Jun},
title = {{Moving Stars Around (preliminary version)}},
year = {2003},
series = {The Art of Computational Science},
month = jan,
read = {Yes},
rating = {0},
date-added = {2011-06-02T11:03:01GMT},
date-modified = {2011-11-22T11:35:52GMT},
url = {http://www.artcompsci.org/msa/web/vol_1/v1_web/v1_web.html},
uri = {\url{papers2://publication/uuid/085745A1-B67A-4D4D-9323-DAC0CA0D1448}}
}

@article{Blanes:2005ig,
author = {Blanes, Sergio and Casas, Fernando},
title = {{On the necessity of negative coefficients for operator splitting schemes of order higher than two}},
journal = {Applied Numerical Mathematics},
year = {2005},
volume = {54},
number = {1},
pages = {23--37},
month = jun,
doi = {10.1016/j.apnum.2004.10.005},
language = {English},
read = {Yes},
rating = {0},
date-added = {2011-06-05T13:50:20GMT},
date-modified = {2011-11-22T11:35:52GMT},
url = {http://linkinghub.elsevier.com/retrieve/pii/S0168927404002259},
local-url = {file://localhost/Users/jj374/Light%20Reading/Papers2-2011/2005/Blanes/Applied%20Numerical%20Mathematics%202005%20Blanes.pdf},
file = {{Applied Numerical Mathematics 2005 Blanes.pdf:/Users/jj374/Light Reading/Papers2-2011/2005/Blanes/Applied Numerical Mathematics 2005 Blanes.pdf:application/pdf}},
uri = {\url{papers2://publication/doi/10.1016/j.apnum.2004.10.005}}
}

@article{Quinn:1997vn,
author = {Quinn, Thomas and Katz, Neal and Stadel, Joachim and Lake, George},
title = {{Time stepping N-body simulations}},
journal = {arXiv.org},
year = {1997},
eprint = {astro-ph/9710043v1},
eprinttype = {arxiv},
eprintclass = {astro-ph},
month = oct,
annote = {16 pages, 12 figures, submitted to Ap. J},
read = {Yes},
rating = {0},
date-added = {2011-03-09T10:01:53GMT},
date-modified = {2011-11-22T11:35:52GMT},
abstract = {Leapfrog integration has been the method of choice in N-body simulations owing to its low computational cost for a symplectic integrator with second order accuracy. We introduce a new leapfrog integrator that allows for variable timesteps for each particle in large N-body simulations. Tests with single particles in fixed potentials show that it behaves as a symplectic integrator. We then examine the results of both standard leapfrog and our temporally adaptive leapfrog on full N-body integrations of clusters and large scale structure establishing accuracy criteria for both methods. The adaptive method shows significant speed-ups over single step integrations---but the integrator no longer appears to be symplectic or, in the case of large scale structure simulations, accurate. This loss of accuracy appears to be caused by the way that the timestep is chosen, not by the integrator itself. We present a related integration technique that does retain sufficient accuracy. Although it is not symplectic, it is apparently better than previous implementations and is our current integrator of choice for large astrophysical simulations. We also note that the standard leapfrog difference equations used in cosmological N-body integrations in comoving coordinates are not symplectic. We derive an implementation of leapfrog that is in comoving canonical coordinates to correct for this deficiency.},
url = {http://arxiv.org/abs/astro-ph/9710043v1},
local-url = {file://localhost/Users/jj374/Light%20Reading/Papers2-2011/1997/Quinn/arXiv%201997%20Quinn.pdf},
file = {{arXiv 1997 Quinn.pdf:/Users/jj374/Light Reading/Papers2-2011/1997/Quinn/arXiv 1997 Quinn.pdf:application/pdf}},
uri = {\url{papers2://publication/uuid/2EC75C4F-93C0-4BEB-9363-4404D9367764}}
}

@article{Giersz:1994vu,
author = {Giersz, M. and Heggie, D. C.},
title = {{Statistics of N-Body Simulations - Part Two - Equal Masses after Core Collapse}},
journal = {Monthly Notices of the Royal Astronomical Society},
year = {1994},
volume = {270},
pages = {298},
month = sep,
language = {English},
read = {Yes},
rating = {0},
date-added = {2011-06-14T09:48:52GMT},
date-modified = {2011-11-22T11:35:52GMT},
url = {http://adsabs.harvard.edu/abs/1994MNRAS.270..298G},
local-url = {file://localhost/Users/jj374/Light%20Reading/Papers2-2011/1994/Giersz/Monthly%20Notices%20of%20the%20Royal%20Astronomical%20Society%201994%20Giersz.pdf},
file = {{Monthly Notices of the Royal Astronomical Society 1994 Giersz.pdf:/Users/jj374/Light Reading/Papers2-2011/1994/Giersz/Monthly Notices of the Royal Astronomical Society 1994 Giersz.pdf:application/pdf}},
uri = {\url{papers2://publication/uuid/B2A93CCD-3F3B-4FEC-856A-33A889FD4FAF}}
}

@article{Giersz:1994vc,
author = {Giersz, M. and Heggie, D. C.},
title = {{Statistics of N-Body Simulations - Part One - Equal Masses Before Core Collapse}},
journal = {Monthly Notices of the Royal Astronomical Society},
year = {1994},
volume = {268},
pages = {257},
month = may,
language = {English},
read = {Yes},
rating = {0},
date-added = {2011-06-14T09:48:55GMT},
date-modified = {2011-11-22T11:35:52GMT},
url = {http://adsabs.harvard.edu/abs/1994MNRAS.268..257G},
local-url = {file://localhost/Users/jj374/Light%20Reading/Papers2-2011/1994/Giersz/Monthly%20Notices%20of%20the%20Royal%20Astronomical%20Society%201994%20Giersz-2.pdf},
file = {{Monthly Notices of the Royal Astronomical Society 1994 Giersz-2.pdf:/Users/jj374/Light Reading/Papers2-2011/1994/Giersz/Monthly Notices of the Royal Astronomical Society 1994 Giersz-2.pdf:application/pdf}},
uri = {\url{papers2://publication/uuid/9CBF9761-4136-4921-8E56-8A1ECFABAEDF}}
}

@article{Xu:2005ty,
author = {Xu, L and Neufeld, J and Larson, B},
title = {{Maximum margin clustering}},
journal = {Advances in neural {\ldots}},
year = {2005},
read = {Yes},
rating = {0},
date-added = {2011-03-15T10:39:36GMT},
date-modified = {2011-11-22T11:35:52GMT},
abstract = {We propose a new method for clustering based on finding maximum mar- gin hyperplanes through data. By reformulating the problem in terms of the implied equivalence relation matrix, we can pose the problem as a convex integer program. Although this still yields a difficult com- ...},
url = {http://citeseerx.ist.psu.edu/viewdoc/download?doi=10.1.1.123.2910&rep=rep1&type=pdf},
local-url = {file://localhost/Users/jj374/Light%20Reading/Papers2-2011/2005/Xu/2005%20Xu.pdf},
file = {{2005 Xu.pdf:/Users/jj374/Light Reading/Papers2-2011/2005/Xu/2005 Xu.pdf:application/pdf}},
uri = {\url{papers2://publication/uuid/74D3FD28-865F-4B37-866E-5056C99AFDC1}}
}

@article{Hut:1997wx,
author = {Hut, Piet and Funato, Yoko and Kokubo, Eiichiro and Makino, Junichiro and McMillan, Steve},
title = {{Time Symmetrization Meta-Algorithms}},
journal = {arXiv.org},
year = {1997},
eprint = {astro-ph/9704276v1},
eprinttype = {arxiv},
eprintclass = {astro-ph},
month = apr,
annote = {6 pages, 2 included figures, LaTeX, uses paspconf.sty. To appear in
  `Computational Astrophysics', the Proceedings of the 12th `Kingston meeting'
  on Theoretical Astrophysics, eds. D. A. Clarke and M. J. West, ASP Conference
  Series, Vol. XXX (San Francisco: ASP)},
read = {Yes},
rating = {0},
date-added = {2011-03-08T22:36:00GMT},
date-modified = {2011-11-22T11:35:52GMT},
abstract = {We present two types of meta-algorithm that can greatly improve the accuracy of existing algorithms for integrating the equations of motion of dynamical systems. The first meta-algorithm takes an integrator that is time-symmetric only for constant time steps, and ensures time-symmetry even in the case of varying time steps. The second meta-algorithm can be applied to any self-starting integration scheme to create time-symmetry, both for constant and for variable time steps, even if the original scheme was not time-symmetric. Our meta-algorithms are most effective for Hamilton systems or systems with periodic solutions. If the system is not Hamiltonian (for example, if some dissipative force exists), our methods are still useful so long as the dissipation is small.},
url = {http://arxiv.org/abs/astro-ph/9704276v1},
local-url = {file://localhost/Users/jj374/Light%20Reading/Papers2-2011/1997/Hut/arXiv%201997%20Hut.pdf},
file = {{arXiv 1997 Hut.pdf:/Users/jj374/Light Reading/Papers2-2011/1997/Hut/arXiv 1997 Hut.pdf:application/pdf}},
uri = {\url{papers2://publication/uuid/6445E668-F517-4D78-BD20-7FFFB9C67BB4}}
}

@article{PortegiesZwart2009369,
author = {Portegies Zwart, Simon and McMillan, Steve and Harfst, Stefan and Groen, Derek and Fujii, Michiko and Nuall{\'a}in, Breannd{\'a}n {\'O} and Glebbeek, Evert and Heggie, Douglas and Lombardi, James and Hut, Piet and Angelou, Vangelis and Banerjee, Sambaran and Belkus, Houria and Fragos, Tassos and Fregeau, John and Gaburov, Evghenii and Izzard, Rob and Juric, Mario and Justham, Stephen and Sottoriva, Andrea and Teuben, Peter and van Bever, Joris and Yaron, Ofer and Zemp, Marcel},
title = {{A multiphysics and multiscale software environment for modeling astrophysical systems}},
journal = {New Astronomy},
year = {2009},
volume = {14},
number = {4},
pages = {369--378},
doi = {DOI: 10.1016/j.newast.2008.10.006},
read = {Yes},
rating = {0},
date-added = {2011-06-14T11:45:44GMT},
date-modified = {2011-11-22T11:35:52GMT},
url = {http://www.sciencedirect.com/science/article/pii/S1384107608001085},
local-url = {file://localhost/Users/jj374/Light%20Reading/Papers2-2011/2009/Portegies%20Zwart/New%20Astronomy%202009%20Portegies%20Zwart.pdf},
file = {{New Astronomy 2009 Portegies Zwart.pdf:/Users/jj374/Light Reading/Papers2-2011/2009/Portegies Zwart/New Astronomy 2009 Portegies Zwart.pdf:application/pdf}}
}

@article{Spurzem:1999fx,
author = {Spurzem, R.},
title = {{Direct N-body simulations}},
journal = {Journal of Computational and Applied Mathematics},
year = {1999},
volume = {109},
number = {1-2},
pages = {407--432},
month = sep,
doi = {10.1016/S0377-0427(99)00166-1},
rating = {0},
date-added = {2011-06-14T11:49:18GMT},
date-modified = {2011-11-22T11:35:52GMT},
url = {http://linkinghub.elsevier.com/retrieve/pii/S0377042799001661},
local-url = {file://localhost/Users/jj374/Light%20Reading/Papers2-2011/1999/Spurzem/Journal%20of%20Computational%20and%20Applied%20Mathematics%201999%20Spurzem.pdf},
file = {{Journal of Computational and Applied Mathematics 1999 Spurzem.pdf:/Users/jj374/Light Reading/Papers2-2011/1999/Spurzem/Journal of Computational and Applied Mathematics 1999 Spurzem.pdf:application/pdf}},
uri = {\url{papers2://publication/doi/10.1016/S0377-0427(99)00166-1}}
}

@article{Zhang:2009kt,
author = {Zhang, Kai and Tsang, Ivor W. and Kwok, James T.},
title = {{Maximum Margin Clustering Made Practical}},
journal = {Ieee Transactions on Neural Networks},
year = {2009},
volume = {20},
number = {4},
pages = {583--596},
affiliation = {Hong Kong Univ Sci {\&} Technol, Dept Comp Sci {\&} Engn, Kowloon, Hong Kong, Peoples R China},
doi = {10.1109/TNN.2008.2010620},
language = {English},
rating = {0},
date-added = {2011-03-15T14:37:03GMT},
date-modified = {2011-11-22T11:35:52GMT},
abstract = {Motivated by the success of large margin methods in supervised learning, maximum margin clustering (MMC) is a recent approach that aims at extending large margin methods to unsupervised learning. However, its optimization problem is nonconvex and existing MMC methods all rely on reformulating and relaxing the nonconvex optimization problem as semidefinite programs (SDP). Though SDP is convex and standard solvers are available, they are computationally very expensive and only small data sets can be handled. To make MMC more practical, we avoid SDP relaxations and propose in this paper an efficient approach that performs alternating optimization directly on the original nonconvex problem. A key step to avoid premature convergence in the resultant iterative procedure is to change the loss function from the hinge loss to the Laplacian/square loss so that overconfident predictions are penalized. Experiments on a number of synthetic and real-world data sets demonstrate that the proposed approach is more accurate, much faster (hundreds to tens of thousands of times faster), and can handle data sets that are hundreds of times larger than the largest data set reported in the MMC literature.},
url = {http://ieeexplore.ieee.org/xpls/abs_all.jsp?arnumber=4798198},
local-url = {file://localhost/Users/jj374/Light%20Reading/Papers2-2011/2009/Zhang/Ieee%20T%20Neural%20Networ%202009%20Zhang.pdf},
file = {{Ieee T Neural Networ 2009 Zhang.pdf:/Users/jj374/Light Reading/Papers2-2011/2009/Zhang/Ieee T Neural Networ 2009 Zhang.pdf:application/pdf}},
uri = {\url{papers2://publication/doi/10.1109/TNN.2008.2010620}}
}

@article{Hut:1995jm,
author = {Hut, Piet and Makino, Junichiro and McMillan, Steve},
title = {{Building a better leapfrog}},
journal = {The Astrophysical Journal},
year = {1995},
volume = {443},
pages = {L93--L96},
month = apr,
doi = {10.1086/187844},
language = {English},
read = {Yes},
rating = {0},
date-added = {2011-03-08T22:39:37GMT},
date-modified = {2011-11-22T11:35:52GMT},
url = {http://adsabs.harvard.edu/abs/1995ApJ...443L..93H},
local-url = {file://localhost/Users/jj374/Light%20Reading/Papers2-2011/1995/Hut/The%20Astrophysical%20Journal%201995%20Hut.pdf},
file = {{The Astrophysical Journal 1995 Hut.pdf:/Users/jj374/Light Reading/Papers2-2011/1995/Hut/The Astrophysical Journal 1995 Hut.pdf:application/pdf}},
uri = {\url{papers2://publication/doi/10.1086/187844}}
}

@article{Makino:1988kl,
author = {Makino, Junichiro and Hut, Piet},
title = {{Performance analysis of direct N-body calculations}},
journal = {The Astrophysical Journal Supplement Series},
year = {1988},
volume = {68},
pages = {833},
month = oct,
doi = {10.1086/191306},
language = {English},
rating = {0},
date-added = {2011-06-20T07:12:49GMT},
date-modified = {2011-11-22T11:35:52GMT},
url = {http://ucp.uchicago.edu/cgi-bin/resolve?id=doi:10.1086/191306},
local-url = {file://localhost/Users/jj374/Light%20Reading/Papers2-2011/1988/Makino/ApJS%201988%20Makino.pdf},
file = {{ApJS 1988 Makino.pdf:/Users/jj374/Light Reading/Papers2-2011/1988/Makino/ApJS 1988 Makino.pdf:application/pdf}},
uri = {\url{papers2://publication/doi/10.1086/191306}}
}

@article{Spurzem:1996tu,
author = {Spurzem, R. and Aarseth, S. J.},
title = {{Direct collisional simulation of 10000 particles past core collapse}},
journal = {Monthly Notices of the Royal Astronomical Society},
year = {1996},
volume = {282},
pages = {19},
month = sep,
language = {English},
rating = {0},
date-added = {2011-06-20T07:15:10GMT},
date-modified = {2011-11-22T11:35:52GMT},
url = {http://adsabs.harvard.edu/abs/1996MNRAS.282...19S},
local-url = {file://localhost/Users/jj374/Light%20Reading/Papers2-2011/1996/Spurzem/Monthly%20Notices%20of%20the%20Royal%20Astronomical%20Society%201996%20Spurzem.pdf},
file = {{Monthly Notices of the Royal Astronomical Society 1996 Spurzem.pdf:/Users/jj374/Light Reading/Papers2-2011/1996/Spurzem/Monthly Notices of the Royal Astronomical Society 1996 Spurzem.pdf:application/pdf}},
uri = {\url{papers2://publication/uuid/FC1D9CB5-F40D-402B-A017-72FFCDEF4048}}
}

@article{Nitadori:2008gt,
author = {Nitadori, Keigo and Makino, Junichiro},
title = {{Sixth- and eighth-order Hermite integrator for N-body simulations}},
journal = {New Astronomy},
year = {2008},
volume = {13},
number = {7},
pages = {498--507},
month = oct,
doi = {10.1016/j.newast.2008.01.010},
language = {English},
read = {Yes},
rating = {0},
date-added = {2011-06-20T09:03:51GMT},
date-modified = {2013-08-27T12:55:16GMT},
url = {http://linkinghub.elsevier.com/retrieve/pii/S1384107608000171},
local-url = {file://localhost/Users/jj374/Light%20Reading/Papers2-2011/2008/Nitadori/New%20Astronomy%202008%20Nitadori.pdf},
file = {{New Astronomy 2008 Nitadori.pdf:/Users/jj374/Light Reading/Papers2-2011/2008/Nitadori/New Astronomy 2008 Nitadori.pdf:application/pdf}},
uri = {\url{papers2://publication/doi/10.1016/j.newast.2008.01.010}}
}

@article{Harfst2007357,
author = {Harfst, Stefan and Gualandris, Alessia and Merritt, David and Spurzem, Rainer and Zwart, Simon Portegies and Berczik, Peter},
title = {{Performance analysis of direct N-body algorithms on special-purpose supercomputers}},
journal = {New Astronomy},
year = {2007},
volume = {12},
number = {5},
pages = {357--377},
doi = {DOI: 10.1016/j.newast.2006.11.003},
rating = {0},
date-added = {2011-06-20T21:30:05GMT},
date-modified = {2011-11-22T11:35:52GMT},
url = {http://www.sciencedirect.com/science/article/pii/S138410760600131X},
local-url = {file://localhost/Users/jj374/Light%20Reading/Papers2-2011/2007/Harfst/New%20Astronomy%202007%20Harfst.pdf},
file = {{New Astronomy 2007 Harfst.pdf:/Users/jj374/Light Reading/Papers2-2011/2007/Harfst/New Astronomy 2007 Harfst.pdf:application/pdf}}
}

@article{Silk:2011tx,
author = {Silk, Joseph},
title = {{Feedback in Galaxy Formation}},
journal = {arXiv.org},
year = {2011},
eprint = {1102.0283v1},
eprinttype = {arxiv},
eprintclass = {astro-ph.CO},
month = feb,
annote = {To appear in the proceedings of IAU Symposium 277, Burkina Faso,
  December 2010, Tracing the Ancestry of Galaxies (on the Land of our
  Ancestors), C. Carignan, F. Combes \{\&} K. Freeman, eds},
read = {Yes},
rating = {0},
date-added = {2011-03-08T22:46:32GMT},
date-modified = {2012-08-17T14:59:39GMT},
abstract = {I review the outstanding problems in galaxy formation theory, and the role of feedback in resolving them. I address the efficiency of star formation, the galactic star formation rate, and the roles of supernovae and supermassive black holes.},
url = {http://arxiv.org/abs/1102.0283v1},
local-url = {file://localhost/Users/jj374/Light%20Reading/Papers2-2011/2011/Silk/arXiv%202011%20Silk.pdf},
file = {{arXiv 2011 Silk.pdf:/Users/jj374/Light Reading/Papers2-2011/2011/Silk/arXiv 2011 Silk.pdf:application/pdf}},
uri = {\url{papers2://publication/uuid/C455597D-4EAB-4480-919D-8290D1837CC0}}
}


@article{Chambers:2010to,
author = {Chambers, JE},
title = {{N-Body Integrators for Planets in Binary Star Systems}},
journal = {Planets in Binary Star Systems},
year = {2010},
read = {Yes},
rating = {0},
date-added = {2011-03-09T09:55:39GMT},
date-modified = {2011-11-22T11:35:52GMT},
abstract = {The discovery of planets orbiting in binary star systems represents an exciting new field of astrophysics. The stability of planetary orbits in binary systems can only be addressed analytically in special cases, so most researchers have studied stabil- ity using long-term N - body ...},
url = {http://www.springerlink.com/index/VGL0K45653852434.pdf},
local-url = {file://localhost/Users/jj374/Light%20Reading/Papers2-2011/2010/Chambers/2010%20Chambers.pdf},
file = {{2010 Chambers.pdf:/Users/jj374/Light Reading/Papers2-2011/2010/Chambers/2010 Chambers.pdf:application/pdf}},
uri = {\url{papers2://publication/uuid/39DE90B1-0B29-44EE-828A-0D8E32DE25F4}}
}

@article{MARZOUK:2005gx,
author = {MARZOUK, Y and GHONIEM, A},
title = {{K-means clustering for optimal partitioning and dynamic load balancing of parallel hierarchical -body simulations}},
journal = {Journal of Computational Physics},
year = {2005},
volume = {207},
number = {2},
pages = {493--528},
month = aug,
doi = {10.1016/j.jcp.2005.01.021},
language = {English},
read = {Yes},
rating = {0},
date-added = {2011-03-09T10:04:03GMT},
date-modified = {2011-11-22T11:35:52GMT},
abstract = {... Cited By in Scopus (7). Permissions {\&} Reprints. A time - symmetric  block  time - step  algorithm for N - body  simulations . Junichiro Makino a , Piet Hut b , Murat Kaplan c , Corresponding Author Contact Information , E-mail The Corresponding Author and Hasan Saygın d. ...},
url = {http://linkinghub.elsevier.com/retrieve/pii/S0021999105000380},
local-url = {file://localhost/Users/jj374/Light%20Reading/Papers2-2011/2005/MARZOUK/Journal%20of%20Computational%20Physics%202005%20MARZOUK.pdf},
file = {{Journal of Computational Physics 2005 MARZOUK.pdf:/Users/jj374/Light Reading/Papers2-2011/2005/MARZOUK/Journal of Computational Physics 2005 MARZOUK.pdf:application/pdf}},
uri = {\url{papers2://publication/doi/10.1016/j.jcp.2005.01.021}}
}

@phdthesis{Schwarzmeier:wi,
author = {Schwarzmeier, Jakub},
title = {{On simulations of galaxy dynamics and their applications to physics education}},
school = {University of West Bohemia in Pilsen},
publisher = {University of West Bohemia in Pilsen},
rating = {0},
date-added = {2011-06-23T10:31:16GMT},
date-modified = {2012-08-17T14:59:39GMT},
url = {http://www.kof.zcu.cz/st/dis/schwarzmeier/dissSchwarzmeier.pdf},
local-url = {file://localhost/Users/jj374/Light%20Reading/Papers2-2011/Unknown/Schwarzmeier/Schwarzmeier.pdf},
file = {{Schwarzmeier.pdf:/Users/jj374/Light Reading/Papers2-2011/Unknown/Schwarzmeier/Schwarzmeier.pdf:application/pdf}},
uri = {\url{papers2://publication/uuid/39FC6634-B34D-4C35-A686-4296E6490DC4}}
}

@article{Chin:2003tp,
author = {Chin, Siu A. and Chen, C. R.},
title = {{Forward Symplectic Integrators for Solving Gravitational Few-Body Problems}},
year = {2003},
month = apr,
read = {Yes},
rating = {0},
date-added = {2011-06-30T13:46:05GMT},
date-modified = {2012-08-17T14:59:39GMT},
url = {http://arxiv.org/pdf/astro-ph/0304223},
local-url = {file://localhost/Users/jj374/Light%20Reading/Papers2-2011/2003/Chin/2003%20Chin.pdf},
file = {{2003 Chin.pdf:/Users/jj374/Light Reading/Papers2-2011/2003/Chin/2003 Chin.pdf:application/pdf}},
uri = {\url{papers2://publication/uuid/38A0B53D-A791-4976-83C3-C5D50C630E77}}
}

@article{Barnes:1986ed,
author = {Barnes, Josh and Hut, Piet},
title = {{A hierarchical O(N log N) force-calculation algorithm}},
journal = {Nature},
year = {1986},
volume = {324},
number = {6096},
pages = {446--449},
month = dec,
doi = {10.1038/324446a0},
read = {Yes},
rating = {0},
date-added = {2011-06-30T12:25:55GMT},
date-modified = {2013-08-27T13:20:42GMT},
url = {http://www.nature.com/doifinder/10.1038/324446a0},
local-url = {file://localhost/Users/jj374/Light%20Reading/Papers2-2011/1986/Barnes/Nature%201986%20Barnes.pdf},
file = {{Nature 1986 Barnes.pdf:/Users/jj374/Light Reading/Papers2-2011/1986/Barnes/Nature 1986 Barnes.pdf:application/pdf}},
uri = {\url{papers2://publication/doi/10.1038/324446a0}}
}

@article{Duan:2009kh,
author = {Duan, Weisi and Song, Min and Yates, Alexander},
title = {{Fast max-margin clustering for unsupervised word sense disambiguation in biomedical texts}},
journal = {BMC Bioinformatics},
year = {2009},
volume = {10},
number = {Suppl 3},
pages = {S4},
month = mar,
publisher = {BioMed Central Ltd},
doi = {10.1186/1471-2105-10-S3-S4},
language = {English},
read = {Yes},
rating = {0},
date-added = {2011-03-15T14:28:12GMT},
date-modified = {2013-08-27T12:54:50GMT},
url = {http://www.biomedcentral.com/1471-2105/10/S3/S4},
local-url = {file://localhost/Users/jj374/Light%20Reading/Papers2-2011/2009/Duan/BMC%20Bioinformatics%202009%2010S4%202009%20Duan.pdf},
file = {{BMC Bioinformatics 2009 10S4 2009 Duan.pdf:/Users/jj374/Light Reading/Papers2-2011/2009/Duan/BMC Bioinformatics 2009 10S4 2009 Duan.pdf:application/pdf}},
uri = {\url{papers2://publication/doi/10.1186/1471-2105-10-S3-S4}}
}

@webpage{Anonymous:VkMqFQqE,
title = {{Minimum Spanning Trees}},
url = {http://compgeom.cs.uiuc.edu/~jeffe/teaching/algorithms/notes/12-mst.pdf},
read = {Yes},
rating = {0},
date-added = {2011-03-15T15:39:54GMT},
date-modified = {2011-11-22T11:35:52GMT},
local-url = {file://localhost/Users/jj374/Light%20Reading/Papers2-2011/Unknown/Unknown/Untitled-454.pdf},
file = {{Untitled-454.pdf:/Users/jj374/Light Reading/Papers2-2011/Unknown/Unknown/Untitled-454.pdf:application/pdf}},
uri = {\url{papers2://publication/uuid/56432A15-0A84-4EF8-9BC5-4A031C38D9BC}}
}

@booklet{Graham:1982vi,
title = {{On the history of the minimum spanning tree problem}},
author = {Graham, RL and Hell, P},
year = {1982},
rating = {0},
date-added = {2011-03-15T16:03:13GMT},
date-modified = {2011-11-22T11:35:52GMT},
abstract = {RL Graham {\&} P. Hell * Minimum Spanning Tree other problems to which it applies less directly, such as network reliability, surface homogeneity tests, pic- ture processing, automatic speech recognition, cluster- ing and classification problems , etc. [VanFra71], [VanFra72], [ ...},
url = {http://www.ms.unimelb.edu.au/~woodd/NetOpt/GrahamHell-HistoryMST.pdf},
local-url = {file://localhost/Users/jj374/Light%20Reading/Papers2-2011/1982/Graham/1982%20Graham.pdf},
file = {{1982 Graham.pdf:/Users/jj374/Light Reading/Papers2-2011/1982/Graham/1982 Graham.pdf:application/pdf}},
uri = {\url{papers2://publication/uuid/062619F0-A942-4DE4-B01E-40BD999D3ECA}}
}

@article{Konstantinidis:2010hx,
author = {Konstantinidis, S. and Kokkotas, K. D.},
title = {{MYRIAD: a new N-body code for simulations of star clusters}},
journal = {Astronomy and Astrophysics},
year = {2010},
volume = {522},
pages = {70},
month = nov,
doi = {10.1051/0004-6361/200913890},
language = {English},
read = {Yes},
rating = {0},
date-added = {2011-04-26T12:30:58GMT},
date-modified = {2013-08-27T12:58:04GMT},
url = {http://adsabs.harvard.edu/abs/2010A%26A...522A..70K},
local-url = {file://localhost/Users/jj374/Light%20Reading/Papers2-2011/2010/Konstantinidis/Astronomy%20and%20Astrophysics%202010%20Konstantinidis.},
file = {{Astronomy and Astrophysics 2010 Konstantinidis.:/Users/jj374/Light Reading/Papers2-2011/2010/Konstantinidis/Astronomy and Astrophysics 2010 Konstantinidis.:application/pdf}},
uri = {\url{papers2://publication/doi/10.1051/0004-6361/200913890}}
}

@book{Cormen:2001uw,
author = {Cormen, Thomas H. and Leiserson, Charles E. and Rivest, Ronald L. and Stein, Clifford},
title = {{Introduction to Algorithms}},
publisher = {MIT Press},
year = {2001},
edition = {Second},
month = jan,
read = {Yes},
rating = {0},
date-added = {2011-03-16T11:01:19GMT},
date-modified = {2011-11-22T11:35:52GMT},
uri = {\url{papers2://publication/uuid/3ACFF4CA-C7BC-47EF-8712-B998F911082E}}
}

@article{HoiLee:1997wx,
author = {Hoi Lee, Man and Duncan, Martin J. and Levison, Harold F.},
title = {{Variable Timestep Integrators for Long-Term Orbital Integrations}},
journal = {eprint arXiv:astro-ph/9703117},
year = {1997},
month = mar,
language = {English},
read = {Yes},
rating = {0},
date-added = {2011-04-26T12:33:25GMT},
date-modified = {2011-11-22T11:35:52GMT},
url = {http://adsabs.harvard.edu/abs/1997astro.ph..3117L},
local-url = {file://localhost/Users/jj374/Light%20Reading/Papers2-2011/1997/Hoi%20Lee/eprint%20arXivastro-ph9703117%201997%20Hoi%20Lee.pdf},
file = {{eprint arXivastro-ph9703117 1997 Hoi Lee.pdf:/Users/jj374/Light Reading/Papers2-2011/1997/Hoi Lee/eprint arXivastro-ph9703117 1997 Hoi Lee.pdf:application/pdf}},
uri = {\url{papers2://publication/uuid/B5A9CEEF-12B2-476E-A993-9A9343C16758}}
}

@article{Accomazzi:2011ux,
author = {Accomazzi, Alberto},
title = {{Linking Literature and Data: Status Report and Future Efforts}},
journal = {arXiv.org},
year = {2011},
eprint = {1103.4295v1},
eprinttype = {arxiv},
eprintclass = {astro-ph.IM},
month = mar,
annote = {9 pages, 2 figures, to appear in: Future Professional Communication
  in Astronomy II (FPCA-II)},
read = {Yes},
rating = {0},
date-added = {2011-03-26T21:03:14GMT},
date-modified = {2012-08-17T14:59:39GMT},
abstract = {In the current era of data-intensive science, it is increasingly important for researchers to be able to have access to published results, the supporting data, and the processes used to produce them. Six years ago, recognizing this need, the American Astronomical Society and the Astrophysics Data Centers Executive Committee (ADEC) sponsored an effort to facilitate the annotation and linking of datasets during the publishing process, with limited success. I will review the status of this effort and describe a new, more general one now being considered in the context of the Virtual Astronomical Observatory.},
url = {http://arxiv.org/abs/1103.4295v1},
local-url = {file://localhost/Users/jj374/Light%20Reading/Papers2-2011/2011/Accomazzi/arXiv%202011%20Accomazzi.pdf},
file = {{arXiv 2011 Accomazzi.pdf:/Users/jj374/Light Reading/Papers2-2011/2011/Accomazzi/arXiv 2011 Accomazzi.pdf:application/pdf}},
uri = {\url{papers2://publication/uuid/01578927-89F4-4475-B772-0893270FBF69}}
}

@article{Malmberg:2011ch,
author = {Malmberg, Daniel and Davies, Melvyn B. and Heggie, Douglas C.},
title = {{The effects of fly-bys on planetary systems}},
journal = {Monthly Notices of the Royal Astronomical Society},
year = {2011},
volume = {411},
pages = {859--877},
month = feb,
doi = {10.1111/j.1365-2966.2010.17730.x},
language = {English},
read = {Yes},
rating = {0},
date-added = {2011-04-06T10:21:01GMT},
date-modified = {2011-11-22T11:35:52GMT},
url = {http://adsabs.harvard.edu/abs/2011MNRAS.411..859M},
local-url = {file://localhost/Users/jj374/Light%20Reading/Papers2-2011/2011/Malmberg/Monthly%20Notices%20of%20the%20Royal%20Astronomical%20Society%202011%20Malmberg.pdf},
file = {{Monthly Notices of the Royal Astronomical Society 2011 Malmberg.pdf:/Users/jj374/Light Reading/Papers2-2011/2011/Malmberg/Monthly Notices of the Royal Astronomical Society 2011 Malmberg.pdf:application/pdf}},
uri = {\url{papers2://publication/doi/10.1111/j.1365-2966.2010.17730.x}}
}

@article{Hurley:2002je,
author = {Hurley, Jarrod R. and Shara, Michael M.},
title = {{Free-floating Planets in Stellar Clusters: Not So Surprising}},
journal = {The Astrophysical Journal},
year = {2002},
volume = {565},
number = {2},
pages = {1251--1256},
month = feb,
doi = {10.1086/337921},
language = {English},
read = {Yes},
rating = {0},
date-added = {2011-04-06T10:22:10GMT},
date-modified = {2011-11-22T11:35:52GMT},
url = {http://adsabs.harvard.edu/abs/2002ApJ...565.1251H},
local-url = {file://localhost/Users/jj374/Light%20Reading/Papers2-2011/2002/Hurley/The%20Astrophysical%20Journal%202002%20Hurley.pdf},
file = {{The Astrophysical Journal 2002 Hurley.pdf:/Users/jj374/Light Reading/Papers2-2011/2002/Hurley/The Astrophysical Journal 2002 Hurley.pdf:application/pdf}},
uri = {\url{papers2://publication/doi/10.1086/337921}}
}

@article{Spurzem:2009hp,
author = {Spurzem, R. and Giersz, M. and Heggie, D. C. and Lin, D. N. C.},
title = {{Dynamics of Planetary Systems in Star Clusters}},
journal = {The Astrophysical Journal},
year = {2009},
volume = {697},
number = {1},
pages = {458--482},
month = may,
doi = {10.1088/0004-637X/697/1/458},
language = {English},
read = {Yes},
rating = {0},
date-added = {2011-04-06T10:23:07GMT},
date-modified = {2011-11-22T11:35:52GMT},
url = {http://adsabs.harvard.edu/abs/2009ApJ...697..458S},
local-url = {file://localhost/Users/jj374/Light%20Reading/Papers2-2011/2009/Spurzem/The%20Astrophysical%20Journal%202009%20Spurzem.pdf},
file = {{The Astrophysical Journal 2009 Spurzem.pdf:/Users/jj374/Light Reading/Papers2-2011/2009/Spurzem/The Astrophysical Journal 2009 Spurzem.pdf:application/pdf}},
uri = {\url{papers2://publication/doi/10.1088/0004-637X/697/1/458}}
}

@phdthesis{Bedorf:2007vn,
author = {B{\'e}dorf, Jeroen},
title = {{High Performance Direct Gravitational N-body Simulations on Graphics Processing Units}},
school = {University of Amsterdam},
year = {2007},
month = jan,
publisher = {University of Amsterdam},
read = {Yes},
rating = {0},
date-added = {2011-04-11T16:39:38GMT},
date-modified = {2011-11-22T11:35:52GMT},
local-url = {file://localhost/Users/jj374/Light%20Reading/Papers2-2011/2007/B%C3%A9dorf/2007%20B%C3%A9dorf.pdf},
file = {{2007 Bédorf.pdf:/Users/jj374/Light Reading/Papers2-2011/2007/Bédorf/2007 Bédorf.pdf:application/pdf}},
uri = {\url{papers2://publication/uuid/91F45D09-A763-4796-9939-0F3519368E71}}
}

@article{Pelupessy:2012if,
author = {Pelupessy, Federico I and J{\"a}nes, J{\"u}rgen and Portegies Zwart, Simon},
title = {{N-body integrators with individual time steps from Hierarchical splitting}},
journal = {New Astronomy},
year = {2012},
volume = {17},
number = {8},
pages = {711--719},
month = nov,
doi = {10.1016/j.newast.2012.05.009},
language = {English},
rating = {0},
date-added = {2012-08-17T14:58:05GMT},
date-modified = {2013-08-27T12:55:03GMT},
url = {http://linkinghub.elsevier.com/retrieve/pii/S1384107612000528},
local-url = {file://localhost/Users/jj374/Light%20Reading/Papers2-2011/2012/Pelupessy/New%20Astronomy%202012%20Pelupessy.pdf},
file = {{New Astronomy 2012 Pelupessy.pdf:/Users/jj374/Light Reading/Papers2-2011/2012/Pelupessy/New Astronomy 2012 Pelupessy.pdf:application/pdf}},
uri = {\url{papers2://publication/doi/10.1016/j.newast.2012.05.009}}
}

@webpage{McLachlan:2002tg,
author = {McLachlan, Robert I. and Quispel, G. Reinout W.},
title = {{Splitting methods}},
year = {2002},
month = apr,
url = {http://tur-www1.massey.ac.nz/~rmclachl/an.pdf},
read = {Yes},
rating = {0},
date-added = {2011-04-12T13:25:50GMT},
date-modified = {2011-11-22T11:35:52GMT},
local-url = {file://localhost/Users/jj374/Light%20Reading/Papers2-2011/2002/McLachlan/2002%20McLachlan.pdf},
file = {{2002 McLachlan.pdf:/Users/jj374/Light Reading/Papers2-2011/2002/McLachlan/2002 McLachlan.pdf:application/pdf}},
uri = {\url{papers2://publication/uuid/75581383-A339-4294-BE46-2614DC25B164}}
}

@article{Pelupessy:2013tv,
author = {Pelupessy, F I and van Elteren, A and de Vries, N and McMillan, S L W and Drost, N and Portegies Zwart, S F},
title = {{The Astrophysical Multipurpose Software Environment}},
journal = {eprint arXiv:1307.3016},
year = {2013},
month = jul,
language = {English},
rating = {0},
date-added = {2013-08-26T13:44:10GMT},
date-modified = {2013-08-26T13:46:17GMT},
url = {http://adsabs.harvard.edu/abs/2013arXiv1307.3016P},
local-url = {file://localhost/Users/jj374/Light%20Reading/Papers2-2011/2013/Pelupessy/eprint%20arXiv1307.3016%202013%20Pelupessy.pdf},
file = {{eprint arXiv1307.3016 2013 Pelupessy.pdf:/Users/jj374/Light Reading/Papers2-2011/2013/Pelupessy/eprint arXiv1307.3016 2013 Pelupessy.pdf:application/pdf}},
uri = {\url{papers2://publication/uuid/E1395B70-6891-44DE-8718-1ECBDB35B715}}
}

@article{McLachlan:1995tj,
author = {McLachlan, Robert I.},
title = {{On the numerical integration of ordinary differential equations by symmetric composition methods}},
journal = {SIAM J. Sci. Comput},
year = {1995},
read = {Yes},
rating = {0},
date-added = {2011-04-12T13:28:05GMT},
date-modified = {2011-11-22T11:35:52GMT},
local-url = {file://localhost/Users/jj374/Light%20Reading/Papers2-2011/1995/McLachlan/1995%20McLachlan.pdf},
file = {{1995 McLachlan.pdf:/Users/jj374/Light Reading/Papers2-2011/1995/McLachlan/1995 McLachlan.pdf:application/pdf}},
uri = {\url{papers2://publication/uuid/6DAE861C-0FF4-4FA5-AC1E-EBC2E9E06C77}}
}

@book{bate1971fundamentals,
author = {Bate, R R and Mueller, D D and White, J E},
title = {{Fundamentals of Astrodynamics}},
publisher = {Dover Publications},
year = {1971},
series = {Dover Books on Aeronautical Engineering Series},
annote = {Preface:
/.../
While manned travel in Earth-Moon space is becoming more common{\ldots}
/.../},
pmid = {73157430},
isbn = {9780486600611},
rating = {0},
date-added = {2013-08-27T12:14:32GMT},
date-modified = {2013-08-27T12:54:52GMT},
url = {http://books.google.nl/books?id=UtJK8cetqGkC},
uri = {\url{papers2://publication/uuid/BC5BB7CF-4D8F-42EB-83AA-AA4A404378AC}}
}

@article{Hawick:2010be,
author = {Hawick, K. A. and Leist, A. and Playne, D. P.},
title = {{Parallel graph component labelling with GPUs and CUDA}},
journal = {Parallel Computing},
year = {2010},
volume = {36},
number = {12},
pages = {655--678},
affiliation = {Massey Univ Albany, Inst Informat {\&} Math Sci, Auckland, New Zealand},
doi = {10.1016/j.parco.2010.07.002},
language = {English},
read = {Yes},
rating = {0},
date-added = {2011-04-12T15:40:50GMT},
date-modified = {2011-11-22T11:35:52GMT},
abstract = {Graph component labelling, which is a subset of the general graph colouring problem, is a computationally expensive operation that is of importance in many applications and simulations. A number of data-parallel algorithmic variations to the component labelling problem are possible and we explore their use with general purpose graphical processing units (GPGPUs) and with the CUDA GPU programming language. We discuss implementation issues and performance results on GPUs using CUDA. We present results for regular mesh graphs as well as arbitrary structured and topical graphs such as small-world and scale-free structures. We show how different algorithmic variations can be used to best effect depending upon the cluster structure of the graph being labelled and consider how features of the GPU architectures and host CPUs can be combined to best effect into a cluster component labelling algorithm for use in high performance simulations. (C) 2010 Elsevier B.V. All rights reserved.},
url = {http://linkinghub.elsevier.com/retrieve/pii/S0167819110001055},
local-url = {file://localhost/Users/jj374/Light%20Reading/Papers2-2011/2010/Hawick/Parallel%20Comput%202010%20Hawick.pdf},
file = {{Parallel Comput 2010 Hawick.pdf:/Users/jj374/Light Reading/Papers2-2011/2010/Hawick/Parallel Comput 2010 Hawick.pdf:application/pdf}},
uri = {\url{papers2://publication/doi/10.1016/j.parco.2010.07.002}}
}

@article{Funato:1996hp,
author = {Funato, Yoko and Hut, Piet and McMillan, Steve and Makino, Junichiro},
title = {{Time-Symmetrized Kustaanheimo-Stiefel Regularization}},
journal = {The Astronomical Journal},
year = {1996},
volume = {112},
pages = {1697},
month = oct,
doi = {10.1086/118136},
read = {Yes},
rating = {0},
date-added = {2011-05-03T12:06:02GMT},
date-modified = {2011-11-22T11:35:52GMT},
url = {http://adsabs.harvard.edu/cgi-bin/bib_query?1996AJ....112.1697F},
local-url = {file://localhost/Users/jj374/Light%20Reading/Papers2-2011/1996/Funato/The%20Astronomical%20Journal%201996%20Funato.pdf},
file = {{The Astronomical Journal 1996 Funato.pdf:/Users/jj374/Light Reading/Papers2-2011/1996/Funato/The Astronomical Journal 1996 Funato.pdf:application/pdf}},
uri = {\url{papers2://publication/doi/10.1086/118136}}
}

@article{NYAS:NYAS422,
author = {VANDERBEI, ROBERT J.},
title = {{New Orbits for the n-Body Problem}},
journal = {Annals of the New York Academy of Sciences},
year = {2004},
volume = {1017},
number = {1},
pages = {422--433},
publisher = {Blackwell Publishing Ltd},
doi = {10.1196/annals.1311.024},
language = {English},
rating = {0},
date-added = {2011-05-04T12:20:03GMT},
date-modified = {2011-11-22T11:35:52GMT},
abstract = {Abstract: In this paper, we consider minimizing the action functional as a method for numerically discovering periodic solutions to the n-body problem. With this method, we can find a large number of choreographies and other more general solutions. We show that most of the solutions found, including all but one of the choreographies, are unstable. It appears to be much easier to find unstable solutions to the n-body problem than stable ones. Simpler solutions are more likely to be stable than exotic ones.},
url = {http://dx.doi.org/10.1196/annals.1311.024},
local-url = {file://localhost/Users/jj374/Light%20Reading/Papers2-2011/2004/VANDERBEI/Annals%20of%20the%20New%20York%20Academy%20of%20Sciences%202004%20VANDERBEI.pdf},
file = {{Annals of the New York Academy of Sciences 2004 VANDERBEI.pdf:/Users/jj374/Light Reading/Papers2-2011/2004/VANDERBEI/Annals of the New York Academy of Sciences 2004 VANDERBEI.pdf:application/pdf}},
uri = {\url{papers2://publication/doi/10.1196/annals.1311.024}}
}

@article{Moore:2006km,
author = {Moore, Cristopher and Nauenberg, Michael},
title = {{New Periodic Orbits for the n-Body Problem}},
journal = {Journal of Computational and Nonlinear Dynamics},
year = {2006},
volume = {1},
number = {4},
pages = {307},
doi = {10.1115/1.2338323},
language = {English},
read = {Yes},
rating = {0},
date-added = {2011-05-04T12:24:58GMT},
date-modified = {2011-11-22T11:35:52GMT},
url = {http://link.aip.org/link/JCNDDM/v1/i4/p307/s1&Agg=doi},
local-url = {file://localhost/Users/jj374/Light%20Reading/Papers2-2011/2006/Moore/J.%20Comput.%20Nonlinear%20Dynam.%202006%20Moore.pdf},
file = {{J. Comput. Nonlinear Dynam. 2006 Moore.pdf:/Users/jj374/Light Reading/Papers2-2011/2006/Moore/J. Comput. Nonlinear Dynam. 2006 Moore.pdf:application/pdf}},
uri = {\url{papers2://publication/doi/10.1115/1.2338323}}
}

@article{Gaburov:2009dk,
author = {Gaburov, Evghenii and Gaburov, Evghenii and Harfst, Stefan and Harfst, Stefan and Zwart, Simon Portegies and Zwart, Simon Portegies},
title = {{SAPPORO: A way to turn your graphics cards into a GRAPE-6}},
journal = {New Astronomy},
year = {2009},
volume = {14},
number = {7},
pages = {630--637},
month = oct,
doi = {10.1016/j.newast.2009.03.002},
language = {English},
read = {Yes},
rating = {0},
date-added = {2011-03-09T10:16:46GMT},
date-modified = {2011-11-22T11:35:52GMT},
url = {http://linkinghub.elsevier.com/retrieve/pii/S1384107609000359},
local-url = {file://localhost/Users/jj374/Light%20Reading/Papers2-2011/2009/Gaburov/New%20Astronomy%202009%20Gaburov.pdf},
file = {{New Astronomy 2009 Gaburov.pdf:/Users/jj374/Light Reading/Papers2-2011/2009/Gaburov/New Astronomy 2009 Gaburov.pdf:application/pdf}},
uri = {\url{papers2://publication/doi/10.1016/j.newast.2009.03.002}}
}

@article{Belleman:2008fv,
author = {Belleman, Robert G and B{\'e}dorf, Jeroen and Portegies Zwart, Simon F},
title = {{High-performance direct gravitational N-body simulations on graphics processing units II: An implementation in CUDA}},
journal = {New Astronomy},
year = {2008},
volume = {13},
number = {2},
pages = {103--112},
month = feb,
doi = {10.1016/j.newast.2007.07.004},
language = {English},
rating = {0},
date-added = {2011-03-09T10:17:49GMT},
date-modified = {2011-11-22T11:35:52GMT},
url = {http://linkinghub.elsevier.com/retrieve/pii/S1384107607000760},
local-url = {file://localhost/Users/jj374/Light%20Reading/Papers2-2011/2008/Belleman/New%20Astronomy%202008%20Belleman.pdf},
file = {{New Astronomy 2008 Belleman.pdf:/Users/jj374/Light Reading/Papers2-2011/2008/Belleman/New Astronomy 2008 Belleman.pdf:application/pdf}},
uri = {\url{papers2://publication/doi/10.1016/j.newast.2007.07.004}}
}

@article{PortegiesZwart:2007gl,
author = {Portegies Zwart, Simon F and Belleman, Robert G and Geldof, Peter M},
title = {{High-performance direct gravitational N-body simulations on graphics processing units}},
journal = {New Astronomy},
year = {2007},
volume = {12},
number = {8},
pages = {641--650},
month = nov,
doi = {10.1016/j.newast.2007.05.004},
language = {English},
rating = {0},
date-added = {2011-03-09T10:18:23GMT},
date-modified = {2011-11-22T11:35:52GMT},
url = {http://linkinghub.elsevier.com/retrieve/pii/S1384107607000504},
local-url = {file://localhost/Users/jj374/Light%20Reading/Papers2-2011/2007/Portegies%20Zwart/New%20Astronomy%202007%20Portegies%20Zwart.pdf},
file = {{New Astronomy 2007 Portegies Zwart.pdf:/Users/jj374/Light Reading/Papers2-2011/2007/Portegies Zwart/New Astronomy 2007 Portegies Zwart.pdf:application/pdf}},
uri = {\url{papers2://publication/doi/10.1016/j.newast.2007.05.004}}
}

@article{Ruth:1983ir,
author = {Ruth, Ronald D.},
title = {{A Canonical Integration Technique}},
journal = {Nuclear Science, IEEE Transactions on},
year = {1983},
volume = {30},
number = {4},
pages = {2669--2671},
month = aug,
publisher = {IEEE},
doi = {10.1109/TNS.1983.4332919},
language = {English},
read = {Yes},
rating = {0},
date-added = {2011-03-09T10:24:25GMT},
date-modified = {2011-11-22T11:35:52GMT},
url = {http://ieeexplore.ieee.org/xpls/abs_all.jsp?arnumber=4332919},
local-url = {file://localhost/Users/jj374/Light%20Reading/Papers2-2011/1983/Ruth/Nuclear%20Science%20IEEE%20Transactions%20on%201983%20Ruth.pdf},
file = {{Nuclear Science IEEE Transactions on 1983 Ruth.pdf:/Users/jj374/Light Reading/Papers2-2011/1983/Ruth/Nuclear Science IEEE Transactions on 1983 Ruth.pdf:application/pdf}},
uri = {\url{papers2://publication/doi/10.1109/TNS.1983.4332919}}
}

@article{Szebehely:1967bh,
author = {Szebehely, Victor and Peters, C. Frederick},
title = {{A new periodic solution of the problem of three bodies}},
journal = {The Astronomical Journal},
year = {1967},
volume = {72},
pages = {1187},
month = nov,
doi = {10.1086/110398},
language = {English},
read = {Yes},
rating = {0},
date-added = {2011-05-11T15:56:13GMT},
date-modified = {2011-11-22T11:35:52GMT},
url = {http://adsabs.harvard.edu/cgi-bin/bib_query?1967AJ.....72.1187S},
local-url = {file://localhost/Users/jj374/Light%20Reading/Papers2-2011/1967/Szebehely/The%20Astronomical%20Journal%201967%20Szebehely.pdf},
file = {{The Astronomical Journal 1967 Szebehely.pdf:/Users/jj374/Light Reading/Papers2-2011/1967/Szebehely/The Astronomical Journal 1967 Szebehely.pdf:application/pdf}},
uri = {\url{papers2://publication/doi/10.1086/110398}}
}

@article{Szebehely:1967dw,
author = {Szebehely, Victor and Peters, C. Frederick},
title = {{Complete solution of a general problem of three bodies}},
journal = {The Astronomical Journal},
year = {1967},
volume = {72},
pages = {876},
month = sep,
doi = {10.1086/110355},
language = {English},
read = {Yes},
rating = {0},
date-added = {2011-05-11T16:02:56GMT},
date-modified = {2011-11-22T11:35:52GMT},
url = {http://adsabs.harvard.edu/cgi-bin/bib_query?1967AJ.....72..876S},
local-url = {file://localhost/Users/jj374/Light%20Reading/Papers2-2011/1967/Szebehely/The%20Astronomical%20Journal%201967%20Szebehely-2.pdf},
file = {{The Astronomical Journal 1967 Szebehely-2.pdf:/Users/jj374/Light Reading/Papers2-2011/1967/Szebehely/The Astronomical Journal 1967 Szebehely-2.pdf:application/pdf}},
uri = {\url{papers2://publication/doi/10.1086/110355}}
}

@article{Forest:2006fu,
author = {Forest, {\'E}tienne},
title = {{Geometric integration for particle accelerators}},
journal = {Journal of Physics A: Mathematical and General},
year = {2006},
volume = {39},
pages = {5321},
month = may,
publisher = {IOP Publishing},
doi = {10.1088/0305-4470/39/19/S03},
rating = {0},
date-added = {2011-03-09T10:28:12GMT},
date-modified = {2011-11-22T11:35:52GMT},
abstract = {IOPscience is a unique platform for IOP-hosted journal content providing site-wide electronic access to more than 130 years of leading scientific research, and incorporates some of the most innovative technologies to enhance your user-experience.},
url = {http://iopscience.iop.org/0305-4470/39/19/S03},
local-url = {file://localhost/Users/jj374/Light%20Reading/Papers2-2011/2006/Forest/Journal%20of%20Physics%20A%20Mathematical%20and%20General%202006%20Forest.pdf},
file = {{Journal of Physics A Mathematical and General 2006 Forest.pdf:/Users/jj374/Light Reading/Papers2-2011/2006/Forest/Journal of Physics A Mathematical and General 2006 Forest.pdf:application/pdf}},
uri = {\url{papers2://publication/doi/10.1088/0305-4470/39/19/S03}}
}

@article{Saha:1994ej,
author = {Saha, Prasenjit and Tremaine, Scott},
title = {{Long-term planetary integration with individual time steps}},
journal = {The Astronomical Journal},
year = {1994},
volume = {108},
pages = {1962},
month = nov,
doi = {10.1086/117210},
rating = {0},
date-added = {2011-05-17T14:10:23GMT},
date-modified = {2011-11-22T11:35:52GMT},
url = {http://adsabs.harvard.edu/cgi-bin/bib_query?1994AJ....108.1962S},
local-url = {file://localhost/Users/jj374/Light%20Reading/Papers2-2011/1994/Saha/The%20Astronomical%20Journal%201994%20Saha.pdf},
file = {{The Astronomical Journal 1994 Saha.pdf:/Users/jj374/Light Reading/Papers2-2011/1994/Saha/The Astronomical Journal 1994 Saha.pdf:application/pdf}},
uri = {\url{papers2://publication/doi/10.1086/117210}}
}

@article{Makino:2006bi,
author = {Makino, Junichiro and Hut, Piet and Kaplan, Murat and Saygin, Hasan},
title = {{A time-symmetric block time-step algorithm for N-body simulations}},
journal = {New Astronomy},
year = {2006},
volume = {12},
number = {2},
pages = {124--133},
month = nov,
doi = {10.1016/j.newast.2006.06.003},
language = {English},
read = {Yes},
rating = {0},
date-added = {2011-03-09T10:35:43GMT},
date-modified = {2013-08-26T15:15:41GMT},
url = {http://linkinghub.elsevier.com/retrieve/pii/S1384107606000819},
local-url = {file://localhost/Users/jj374/Light%20Reading/Papers2-2011/2006/Makino/New%20Astronomy%202006%20Makino.pdf},
file = {{New Astronomy 2006 Makino.pdf:/Users/jj374/Light Reading/Papers2-2011/2006/Makino/New Astronomy 2006 Makino.pdf:application/pdf}},
uri = {\url{papers2://publication/doi/10.1016/j.newast.2006.06.003}}
}

@article{Mikkola:1999fh,
author = {Mikkola, Seppo and Tanikawa, Kiyotaka},
title = {{Explicit Symplectic Algorithms For Time-Transformed Hamiltonians}},
journal = {Celestial Mechanics and Dynamical Astronomy},
year = {1999},
volume = {74},
number = {4},
pages = {287--295},
doi = {10.1023/A:1008368322547},
language = {English},
read = {Yes},
rating = {0},
date-added = {2011-05-17T14:10:39GMT},
date-modified = {2011-11-22T11:35:52GMT},
url = {http://www.springerlink.com/openurl.asp?id=doi:10.1023/A:1008368322547},
local-url = {file://localhost/Users/jj374/Light%20Reading/Papers2-2011/1999/Mikkola/Celestial%20Mechanics%20and%20Dynamical%20Astronomy%201999%20Mikkola.pdf},
file = {{Celestial Mechanics and Dynamical Astronomy 1999 Mikkola.pdf:/Users/jj374/Light Reading/Papers2-2011/1999/Mikkola/Celestial Mechanics and Dynamical Astronomy 1999 Mikkola.pdf:application/pdf}},
uri = {\url{papers2://publication/doi/10.1023/A:1008368322547}}
}

@article{Sesana:2011wk,
author = {Sesana, Alberto and Gualandris, Alessia and Dotti, Massimo},
title = {{Massive black hole binary eccentricity in rotating stellar systems}},
year = {2011},
month = may,
read = {Yes},
rating = {0},
date-added = {2011-05-17T08:07:56GMT},
date-modified = {2013-08-25T18:44:51GMT},
url = {http://arxiv.org/pdf/1105.0670},
local-url = {file://localhost/Users/jj374/Light%20Reading/Papers2-2011/2011/Sesana/2011%20Sesana.pdf},
file = {{2011 Sesana.pdf:/Users/jj374/Light Reading/Papers2-2011/2011/Sesana/2011 Sesana.pdf:application/pdf}},
uri = {\url{papers2://publication/uuid/75830B8B-ABDA-4D4B-8739-C59C7B8351B3}}
}

@article{Sussman:1992fd,
author = {Sussman, G J and Wisdom, J},
title = {{Chaotic Evolution of the Solar System}},
journal = {Science},
year = {1992},
volume = {257},
number = {5066},
pages = {56--62},
month = jul,
doi = {10.1126/science.257.5066.56},
language = {English},
read = {Yes},
rating = {0},
date-added = {2011-03-11T11:51:14GMT},
date-modified = {2011-11-22T11:35:52GMT},
url = {http://www.sciencemag.org/cgi/doi/10.1126/science.257.5066.56},
local-url = {file://localhost/Users/jj374/Light%20Reading/Papers2-2011/1992/Sussman/Science%201992%20Sussman.pdf},
file = {{Science 1992 Sussman.pdf:/Users/jj374/Light Reading/Papers2-2011/1992/Sussman/Science 1992 Sussman.pdf:application/pdf}},
uri = {\url{papers2://publication/doi/10.1126/science.257.5066.56}}
}

@article{CapuzzoDolcetta:2009wt,
author = {Capuzzo-Dolcetta, R.},
title = {{Supercomputing and stellar dynamics}},
year = {2009},
month = sep,
rating = {0},
date-added = {2011-03-13T21:43:35GMT},
date-modified = {2011-11-22T11:35:52GMT},
abstract = {... 4. The NBSymple code ... The workstation used to test and run our NBSymple code has a 2 Quad Core Intel Xeon processors, each running at 2.00GHz, 4GB DDR2 RAM at 667MHz and two NVIDIA TESLA C1060 GPUs, connected to the host via two slots PCI-E 16x. ...},
url = {http://arxiv.org/pdf/0909.0879},
local-url = {file://localhost/Users/jj374/Light%20Reading/Papers2-2011/2009/Capuzzo-Dolcetta/2009%20Capuzzo-Dolcetta.pdf},
file = {{2009 Capuzzo-Dolcetta.pdf:/Users/jj374/Light Reading/Papers2-2011/2009/Capuzzo-Dolcetta/2009 Capuzzo-Dolcetta.pdf:application/pdf}},
uri = {\url{papers2://publication/uuid/468848AF-D580-4060-AFA4-D4EBD94D90F6}}
}

@book{SSC94,
author = {Sanz-Serna, J. M. and Calvo, M. P.},
title = {{Numerical Hamiltonian problems}},
publisher = {Chapman {\&} Hall},
year = {1994},
series = {Applied Mathematics and Mathematical Computation 7},
address = {London; New York},
month = jan,
rating = {0},
date-added = {2011-03-14T08:48:29GMT},
date-modified = {2011-11-22T11:35:52GMT},
uri = {\url{papers2://publication/uuid/6076B686-6D54-4563-BD25-2263AD32CE1E}}
}

